@book{Monty,
   author = {Douglas C. Montgomery and George C. Runger},
   edition = {6},
   month = {11},
   pages = {539-663},
   publisher = {Wiley},
   title = {Applied Statistics and Probability for Engineers},
   year = {2013},
}
