@book{Roest1993,
   author = {R. Roest},
   edition = {6e},
   publisher = {Delftsche Uitgevers Maatschappij},
   title = {Inleiding in de mechanica},
   year = {1993},
}
@book{Monty,
   author = {Douglas C. Montgomery and George C. Runger},
   edition = {6},
   month = {11},
   pages = {539-663},
   publisher = {Wiley},
   title = {Applied Statistics and Probability for Engineers},
   year = {2013},
}
